@misc{
  author = {Operator SDK},
  title = {Go | Operator SDK},
  year = {2020},
  note = {Accessed 5 May 2023},
  url = {https://sdk.operatorframework.io/docs/building-operators/golang/}
}

@misc{
  author = {The Kubernetes Authors},
  title = {The Kubernetes Authors | Documentation},
  year = {2023},
  note = {Accessed 5 May 2023},
  url = {https://kubernetes.io/}
}

@misc{
  author = {The Kubernetes Authors},
  title = {Minikube Start | Minikube},
  year = {2023},
  note = {Accessed 5 May 2023},
  url = {https://minikube.sigs.k8s.io/docs/start/}
}

@misc{
  author = {Open-source},
  title = {Prometheus-Operator},
  year = {2023},
  note = {Accessed 5 May 2023},
  url = {https://prometheus-operator.dev/}
}

@misc{
  author = {Software Freedom Conservancy},
  title = {Selenium},
  year = {2023},
  note = {Accessed 5 May 2023},
  url = {https://www.selenium.dev/}
}

@misc{
  author = {Aerokube Software OÃœ},
  title = {Moon - A Cross Browser Selenium, Cypress, Playwright and Puppeteer Solution for Kubernetes or Openshift Cluster},
  year = {2023},
  note = {Accessed 5 May 2023},
  url = {https://aerokube.com/moon/latest/}
}